% Follow the format defined below when
% defining publication information!
% Put the bibliography entries in this
% file in the order you wish them to appear
% in the list of publications.
%
% Journal article
%
% @article{citeID,
% title={Work title},               compulsory
% author={A. Author and B. Buthor}, compulsory
% journal={Journal name},           compulsory
% year={YYYY},                      compulsory
% volume={X},                       if applicable
% number={Y},                       if applicable
% note={Accepted for publication},  if not published yet
% pages={PPP--PPP},                 if applicable
% doi={10.xxxx/yyy},                kind of compulsory
% keywords={thisdissertation}       compulsory, identifies
%                                   publication relating
%                                   to this dissertation
% }
%
% Conference article
%
% @inproceedings{anotherciteID,
% title={Work title},               compulsory
% author={A. Author and B. Buthor}, compulsory
% booktitle={Proceedings name},     compulsory
% editor={E. Editor and F. Fditor}, compulsory
% year={YYYY},                      compulsory
% note={Accepted for publication},  if not published yet
% pages={PPP--PPP},                 if applicable
% doi={10.xxxx/yyy},                kind of compulsory
% keywords={thisdissertation}       compulsory, identifies
%                                   publication relating
%                                   to this dissertation
% }
%
% For more options have a look at biblatex documentation
% or https://en.wikibooks.org/wiki/LaTeX/Bibliography_Management.
%
% Don't use other entry types for own publications, it may
% break automatic citations! If some other biblatex entry
% type is absolutely necessary, contact the maintainer.

@article{article1,
author = {Nevavuori, Petteri and Narra, Nathaniel and Lipping, Tarmo},
doi = {10.1016/j.compag.2019.104859},
journal = {Computers and Electronics in Agriculture},
number = {June},
title = {{Crop yield prediction with deep convolutional neural networks}},
volume = {163},
year = {2019},
keywords={thisdissertation}
}

@inproceedings{article2,
author = {Narra, Nathaniel and Nevavuori, Petteri and Linna, Petri and Lipping, Tarmo},
booktitle = {Information Modelling and Knowledge Bases XXXI},
doi = {10.3233/FAIA200014},
title = {{A Data Driven Approach to Decision Support in Farming}},
volume = {321},
year = {2020},
keywords={thisdissertation}
}

@inproceedings{article3,
author = {Nevavuori, Petteri and Lipping, Tarmo and Narra, Nathaniel and Linna, Petri},
booktitle = {IGARSS 2020 - 2020 IEEE International Geoscience and Remote Sensing Symposium},
doi = {10.1109/IGARSS39084.2020.9323683},
pages = {4661--4664},
publisher = {IEEE},
title = {{Assessment of Cloud Cover in Sentinel-2 Data Using Random Forest Classifier}},
year = {2020},
keywords={thisdissertation}
}


@article{article4,
author = {Nevavuori, Petteri and Narra, Nathaniel and Linna, Petri and Lipping, Tarmo},
doi = {10.3390/rs12234000},
journal = {Remote Sensing},
number = {23},
title = {{Crop Yield Prediction Using Multitemporal UAV Data and Spatio-Temporal Deep Learning Models}},
volume = {12},
year = {2020},
keywords={thisdissertation}
}

@inproceedings{article5,
author = {Nevavuori, Petteri and Narra, Nathaniel and Linna, Petri and Lipping, Tarmo},
booktitle = {New Developments and Environmental Applications of Drones - Proceedings of FinDrones 2020},
doi = {10.1007/978-3-030-77860-6},
title = {{Assessment of Crop Yield Prediction Capabilities of CNN usign Multisource Data}},
year = {2021},
keywords={thisdissertation},
}
